<?xml version="1.0" encoding="UTF-8"?><collection xmlns="http://www.loc.gov/MARC21/slim"><record><leader>00407nam--2200145-i-4500</leader><controlfield tag="001">000030140</controlfield><controlfield tag="002">20161230</controlfield><controlfield tag="005">20161230201038</controlfield><controlfield tag="008">060222s1000------------r-----000-0-eng-d</controlfield><datafield ind1=" " ind2=" " tag="080"><subfield code="a">025</subfield></datafield><datafield ind1=" " ind2=" " tag="100"><subfield code="a">Moldoveanu, Valeriu., Roman, Eliza M</subfield></datafield><datafield ind1=" " ind2=" " tag="245"><subfield code="a">Mecanizarea si automatizarea serviviilor de biblioteca</subfield></datafield><datafield ind1=" " ind2=" " tag="260"><subfield code="a">Bucuresti, Ed.Litera, 1973, 30p</subfield></datafield><datafield ind1=" " ind2=" " tag="490"><subfield code="a">Probleme De Biblioteconomie</subfield></datafield><datafield ind1=" " ind2=" " tag="852"><subfield code="a">40045</subfield></datafield></record></collection>